% This file was created with JabRef 2.7.2.
% Encoding: Cp1252

@INPROCEEDINGS{Aghili2009,
  author = {Aghili, F. },
  title = {Optimal control of a space manipulator for detumbling of a target
	satellite},
  booktitle = {Proc. IEEE Int. Conf. Robotics and Automation ICRA '09},
  year = {2009},
  pages = {3019--3024},
  doi = {10.1109/ROBOT.2009.5152235},
  owner = {dc6550},
  timestamp = {2012.02.02}
}

@INPROCEEDINGS{Bernard2009,
  author = {Bernard, M. and Kondak, K. },
  title = {Generic slung load transportation system using small size helicopters},
  booktitle = {Proc. IEEE Int. Conf. Robotics and Automation ICRA '09},
  year = {2009},
  pages = {3258--3264},
  doi = {10.1109/ROBOT.2009.5152382},
  owner = {dc6550},
  timestamp = {2012.02.02}
}

@ARTICLE{Corke96b,
  author = {P.I. Corke},
  title = {A Robotics Toolbox for {MATLAB}},
  journal = {IEEE Robotics and Automation Magazine},
  year = {1996},
  volume = {3},
  pages = {24-32},
  number = {1},
  month = mar
}

@BOOK{craig1986,
  title = {Introduction to robotics: mechanics \& control},
  publisher = {Addison-Wesley Pub. Co.},
  year = {1986},
  author = {Craig, J.J.},
  series = {Introduction to robotics : Mechanics \& control / John J ... Craig},
  isbn = {9780201103267},
  lccn = {85013527}
}

@INPROCEEDINGS{Dimitrov2004,
  author = {Dimitrov, D. N. and Yoshida, K. },
  title = {Momentum distribution in a space manipulator for facilitating the
	post-impact control},
  booktitle = {Proc. IEEE/RSJ Int. Conf. Intelligent Robots and Systems (IROS 2004)},
  year = {2004},
  volume = {4},
  pages = {3345--3350},
  doi = {10.1109/IROS.2004.1389933},
  owner = {dc6550},
  timestamp = {2012.02.02}
}

@ARTICLE{Hamner:2010:AMM:1670712.1670771,
  author = {Hamner, Brad and Koterba, Seth and Shi, Jane and Simmons, Reid and
	Singh, Sanjiv},
  title = {An autonomous mobile manipulator for assembly tasks},
  journal = {Auton. Robots},
  year = {2010},
  volume = {28},
  pages = {131--149},
  month = {January},
  acmid = {1670771},
  address = {Hingham, MA, USA},
  doi = {http://dx.doi.org/10.1007/s10514-009-9142-y},
  issn = {0929-5593},
  issue = {1},
  keywords = {Constrained motion, Coordinated control, Mobile manipulation, Task
	architecture},
  numpages = {19},
  publisher = {Kluwer Academic Publishers},
  url = {http://dx.doi.org/10.1007/s10514-009-9142-y}
}

@INPROCEEDINGS{Hoffmann07quadrotorhelicopter,
  author = {Gabriel M. Hoffmann and Haomiao Huang and Steven L. Wasl and Er Claire
	J. Tomlin},
  title = {Quadrotor helicopter flight dynamics and control: Theory and experiment},
  booktitle = {In Proc. of the AIAA Guidance, Navigation, and Control Conference},
  year = {2007}
}

@INPROCEEDINGS{Ishitsuka2007,
  author = {Ishitsuka, M. and Ishii, K. },
  title = {Modularity development and control of an underwater manipulator for
	AUV},
  booktitle = {Proc. IEEE/RSJ Int. Conf. Intelligent Robots and Systems IROS 2007},
  year = {2007},
  pages = {3648--3653},
  __markedentry = {[dc6550:]},
  doi = {10.1109/IROS.2007.4399470},
  owner = {dc6550},
  timestamp = {2012.02.02}
}

@INPROCEEDINGS{Jain2010,
  author = {Jain, A. and Kemp, C. C.},
  title = {Pulling open doors and drawers: Coordinating an omni-directional
	base and a compliant arm with Equilibrium Point control},
  booktitle = {Proc. IEEE Int Robotics and Automation (ICRA) Conf},
  year = {2010},
  pages = {1807--1814},
  doi = {10.1109/ROBOT.2010.5509445},
  owner = {dasl},
  timestamp = {2012.01.17}
}

@BOOK{jazar2010theory,
  title = {Theory of Applied Robotics: Kinematics, Dynamics, and Control (2nd
	Edition)},
  publisher = {Springer},
  year = {2010},
  author = {Jazar, R.N.},
  isbn = {9781441917492},
  lccn = {2010926033}
}

@INPROCEEDINGS{Korpela2012ICRA,
  author = {Korpela, C. and Orsag, M. and Danko, T. and Kobe, B. and McNeil,
	C. and Pisch, R. and Oh, P.},
  title = {Flight Satbility in Aerial Redundant Manipulators},
  booktitle = {Proc. IEEE Int Robotics and Automation (ICRA) Conf},
  year = {2012},
  note = {To Appear},
  owner = {dasl}
}

@ARTICLE{Korpela2012,
  author = {Christopher M. Korpela and Todd W. Danko and Paul Y. Oh},
  title = {{M}{M}-{U}{A}{V}: Mobile Manipulating Unmanned Aerial Vehicle},
  journal = {Journal of Intelligent and Robotic Systems},
  year = {2012},
  volume = {65},
  pages = {93-101},
  number = {1-4},
  bibsource = {DBLP, http://dblp.uni-trier.de},
  ee = {http://dx.doi.org/10.1007/s10846-011-9591-3}
}

@INPROCEEDINGS{Korpela2011,
  author = {Korpela, C. M. and Danko, T. W. and Oh, P. Y. },
  title = {Designing a system for mobile manipulation from an Unmanned Aerial
	Vehicle},
  booktitle = {Proc. IEEE Conf. Technologies for Practical Robot Applications (TePRA)},
  year = {2011},
  pages = {109--114},
  doi = {10.1109/TEPRA.2011.5753491},
  owner = {dasl},
  timestamp = {2012.01.17}
}

@ARTICLE{Kuntz2008,
  author = {Noah R. Kuntz and Paul Y. Oh},
  title = {Towards Autonomous Cargo Deployment and Retrieval by an Unmanned
	Aerial Vehicle Using Visual Servoing},
  journal = {ASME Conference Proceedings},
  year = {2008},
  volume = {2008},
  pages = {841-849},
  number = {43260},
  doi = {10.1115/DETC2008-49557},
  publisher = {ASME}
}

@ARTICLE{McMillan95efficientdynamic,
  author = {Scott McMillan and David E. Orin and Robert B. McGhee},
  title = {Efficient Dynamic Simulation of an Underwater Vehicle with a Robotic
	Manipulator},
  journal = {IEEE Transactions On Systems, Man, and Cybernetics},
  year = {1995},
  volume = {25},
  pages = {1194--1206}
}

@INPROCEEDINGS{Mellinger2011,
  author = {Mellinger, Daniel and Lindsey, Quentin and Shomin, Michael and Kumar,
	Vijay},
  title = {Design, modeling, estimation and control for aerial grasping and
	manipulation},
  booktitle = {Proc. IEEE/RSJ Int Intelligent Robots and Systems (IROS) Conf},
  year = {2011},
  pages = {2668--2673},
  doi = {10.1109/IROS.2011.6094871},
  owner = {dasl},
  timestamp = {2012.01.17}
}

@INPROCEEDINGS{Narli2006,
  author = {Narli, V. and Oh, P. Y. },
  title = {Hardware-in-the-loop Test Rig to Capture Aerial Robot and Sensor
	Suite Performance Metrics},
  booktitle = {Proc. IEEE/RSJ Int Intelligent Robots and Systems Conf},
  year = {2006},
  pages = {3521--3526},
  doi = {10.1109/IROS.2006.281637},
  owner = {dasl},
  timestamp = {2012.01.17}
}

@ARTICLE{Nenchev1999,
  author = {Nenchev, D. N. and Yoshida, K. and Vichitkulsawat, P. and Uchiyama,
	M. },
  title = {Reaction null-space control of flexible structure mounted manipulator
	systems},
  journal = IEEE_J_RA,
  year = {1999},
  volume = {15},
  pages = {1011--1023},
  number = {6},
  __markedentry = {[dc6550:6]},
  doi = {10.1109/70.817666},
  owner = {dc6550},
  timestamp = {2012.02.02}
}

@INPROCEEDINGS{Pounds2011,
  author = {Pounds, P. E. I. and Bersak, D. R. and Dollar, A. M.},
  title = {Grasping from the air: Hovering capture and load stability},
  booktitle = {Proc. IEEE Int Robotics and Automation (ICRA) Conf},
  year = {2011},
  pages = {2491--2498},
  doi = {10.1109/ICRA.2011.5980314},
  owner = {dasl},
  timestamp = {2012.01.17}
}

@BOOK{Siciliano:2008:RMP:1524151,
  title = {Robotics: Modelling, Planning and Control},
  publisher = {Springer Publishing Company, Incorporated},
  year = {2008},
  author = {Siciliano, Bruno and Sciavicco, Lorenzo and Villani, Luigi and Oriolo,
	Giuseppe},
  edition = {1st},
  isbn = {1846286417, 9781846286414}
}

@comment{jabref-meta: selector_review:}

@comment{jabref-meta: selector_publisher:}

@comment{jabref-meta: selector_author:}

@comment{jabref-meta: selector_journal:}

@comment{jabref-meta: selector_keywords:}

